<?xml version="1.0" encoding="UTF-8"?><collection xmlns="http://www.loc.gov/MARC21/slim"><record><leader>00401nam--2200133-i-4500</leader><controlfield tag="001">000039022</controlfield><controlfield tag="002">20161230</controlfield><controlfield tag="005">20161230201042</controlfield><controlfield tag="008">060222s1000------------r-----000-0-eng-d</controlfield><datafield ind1=" " ind2=" " tag="080"><subfield code="a">546.74(043)</subfield></datafield><datafield ind1=" " ind2=" " tag="100"><subfield code="a">Rey, Jacques</subfield></datafield><datafield ind1=" " ind2=" " tag="245"><subfield code="a">Etude cristallochimique et thermochimique de quelques composes ternaires du monosulfure de nickel. these</subfield></datafield><datafield ind1=" " ind2=" " tag="260"><subfield code="a">Paris, Univ.De Provence, 1972, 119p</subfield></datafield><datafield ind1=" " ind2=" " tag="852"><subfield code="a">46817</subfield></datafield></record></collection>